@BOOK{Hamlet,
	title = {The Oxford Shakespeare: Hamlet (Oxford World's Classics)},
	author = {William Shakespeare},
	publisher = {Oxford University Press},
	year = {2008},
	month = {6},
	edition = {Reissue},
	isbn = {9780199535811},
	totalpages = {416},
}

@BOOK{JuliusCaesar,
	title = {Julius Caesar (Arden Shakespeare)},
	author = {William Shakespeare},
	publisher = {Bloomsbury Arden Shakespeare},
	year = {1998},
	month = {6},
	edition = {3},
	isbn = {9781903436219},
	totalpages = {394},
}